@book{short2017procedural,
  title={Procedural Generation in Game Design},
  author={Short, Tanya X and Adams, Tarn},
  year={2017},
  publisher={CRC Press},
}
 
@inproceedings{dormans2010adventures,
  title={Adventures in level design: generating missions and spaces for action adventure games},
  author={Dormans, Joris},
  booktitle={Proceedings of the 2010 workshop on procedural content generation in games},
  pages={1--10},
  year={2010},
  organization={ACM}
}

@inbook{test2017,
    chapter={Level Design I: Case Study},
    author={Chris Chung},
    crossref={short2017procedural},
    pages={1--10}
}
