% This file was created with JabRef 2.4.1.
% Encoding: UTF8

@inproceedings{dormans2010adventures,
  title={Adventures in level design: generating missions and spaces for action adventure games},
  author={Dormans, Joris},
  booktitle={Proceedings of the 2010 workshop on procedural content generation in games},
  pages={1},
  year={2010},
  organization={ACM}
}

@inproceedings{dormans2011level,
  title={Level design as model transformation: a strategy for automated content generation},
  author={Dormans, Joris},
  booktitle={Proceedings of the 2nd International Workshop on Procedural Content Generation in Games},
  pages={2},
  year={2011},
  organization={ACM}
}

@book{dormans2012engineering,
  title={Engineering emergence: applied theory for game design},
  author={Dormans, Joris and others},
  year={2012},
  publisher={Creative Commons}
}

@inproceedings{dormans2012generating,
  title={Generating Emergent Physics for Action-Adventure Games.},
  author={Dormans, Joris},
  booktitle={PCG@ FDG},
  pages={9--1},
  year={2012}
}

@inproceedings{karavolos2016evolving,
  title={Evolving missions to create game spaces},
  author={Karavolos, Daniel and Liapis, Antonios and Yannakakis, Georgios N},
  booktitle={Computational Intelligence and Games (CIG), 2016 IEEE Conference on},
  pages={1--8},
  year={2016},
  organization={IEEE}
}

@article{liapis2017multi,
  title={Multi-segment Evolution of Dungeon Game Levels},
  author={Liapis, Antonios},
  year={2017}
}

@inproceedings{karavolos2015mixed,
  title={Mixed-Initiative Design of Game Levels: Integrating Mission and Space into Level Generation.},
  author={Karavolos, Dani{\"e}l and Bouwer, Anders and Bidarra, Rafael},
  booktitle={FDG},
  year={2015}
}

@article{liapis2015constrained,
  title={Constrained novelty search: A study on game content generation},
  author={Liapis, Antonios and Yannakakis, Georgios N and Togelius, Julian},
  journal={Evolutionary computation},
  volume={23},
  number={1},
  pages={101--129},
  year={2015},
  publisher={MIT Press}
}

@inproceedings{liapis2013generating,
  title={Generating map sketches for strategy games},
  author={Liapis, Antonios and Yannakakis, Georgios N and Togelius, Julian},
  booktitle={European Conference on the Applications of Evolutionary Computation},
  pages={264--273},
  year={2013},
  organization={Springer}
}

@inproceedings{font2016constrained,
  title={Constrained Level Generation Through Grammar-Based Evolutionary Algorithms},
  author={Font, Jose M and Izquierdo, Roberto and Manrique, Daniel and Togelius, Julian},
  booktitle={European Conference on the Applications of Evolutionary Computation},
  pages={558--573},
  year={2016},
  organization={Springer}
}

@inproceedings{lanzi2014evolving,
  title={Evolving maps for match balancing in first person shooters},
  author={Lanzi, Pier Luca and Loiacono, Daniele and Stucchi, Riccardo},
  booktitle={Computational Intelligence and Games (CIG), 2014 IEEE Conference on},
  pages={1--8},
  year={2014},
  organization={IEEE}
}

@incollection{togelius2016grammars,
  title={Grammars and L-systems with applications to vegetation and levels},
  author={Togelius, Julian and Shaker, Noor and Dormans, Joris},
  booktitle={Procedural Content Generation in Games},
  pages={73--98},
  year={2016},
  publisher={Springer}
}

@article{chen2007flow,
  title={Flow in games (and everything else)},
  author={Chen, Jenova},
  journal={Communications of the ACM},
  volume={50},
  number={4},
  pages={31--34},
  year={2007},
  publisher={ACM}
}

@article{baldwin2017mixed,
  title={Mixed-Initiative Procedural Generation of Dungeons Using Game Design Patterns},
  author={Baldwin, Alexander and Holmberg, Johan},
  year={2017},
  publisher={Malm{\"o} h{\"o}gskola/Teknik och samh{\"a}lle}
}

@misc{dormansUnexplored,
  title={A Handcrafted Feel: ‘Unexplored’ Explores Cyclic Dungeon Generation},
  author={Joris Dormans},
  howpublished={\url{http://ctrl500.com/tech/handcrafted-feel-dungeon-generation-unexplored-explores-cyclic-dungeon-generation/}},
  note={Accessed: 2017-07-16}
}

@misc{SpelunkyGL01,
  title={{Spelunky Generator Lessons} Part 1: Generating the Solution Path},
  author={Darius Kazemi},
  howpublished={\url{http://tinysubversions.com/spelunkyGen/}},
  note={Accessed: 2017-07-16}
}

@misc{SpelunkyGL02,
  title={{Spelunky Generator Lessons} Part 2: Generating the Rooms},
  author={Darius Kazemi},
  howpublished={\url{http://tinysubversions.com/spelunkyGen/}},
  note={Accessed: 2017-07-16}
}

@article{lipowski2012roulette,
  title={Roulette-wheel selection via stochastic acceptance},
  author={Lipowski, Adam and Lipowska, Dorota},
  journal={Physica A: Statistical Mechanics and its Applications},
  volume={391},
  number={6},
  pages={2193--2196},
  year={2012},
  publisher={Elsevier}
}

@book{holland1992adaptation,
  title={Adaptation in natural and artificial systems: an introductory analysis with applications to biology, control, and artificial intelligence},
  author={Holland, John H},
  year={1992},
  publisher={MIT press}
}

@article{hart1968formal,
  title={A formal basis for the heuristic determination of minimum cost paths},
  author={Hart, Peter E and Nilsson, Nils J and Raphael, Bertram},
  journal={IEEE transactions on Systems Science and Cybernetics},
  volume={4},
  number={2},
  pages={100--107},
  year={1968},
  publisher={IEEE}
}

@article{konak2006multi,
  title={Multi-objective optimization using genetic algorithms: A tutorial},
  author={Konak, Abdullah and Coit, David W and Smith, Alice E},
  journal={Reliability Engineering \& System Safety},
  volume={91},
  number={9},
  pages={992--1007},
  year={2006},
  publisher={Elsevier}
}

